@article{Hasinoff2016burst,
  author = {Samuel W. Hasinoff and Dillon Sharlet and Ryan Geiss and Andrew Adams and Jonathan T. Barron and Florian Kainz and Jiawen Chen and Marc Levoy}, 
  title = {Burst photography for high dynamic range and low-light imaging on mobile cameras}, 
  journal = {ACM Transactions on Graphics (Proc. SIGGRAPH Asia)}, 
  volume = {35}, 
  number = {6}, 
  year = {2016}, 
}

@misc{Brooks2016git,
  author = {Timothy Brooks},
  title = {{HDR+} Implementation},
  year = {2016},
  publisher = {GitHub},
  journal = {GitHub Repository},
  howpublished = {\url{https://github.com/timothybrooks/hdr-plus/}},
  note = {Commit: 0ab70564493bdbcd5aca899b5885505d0c824435}
}

@misc{Brooks2016doc,
  author = {Timothy Brooks},
  title = {{HDR+} Burst Processing Pipeline},
  year = {2016},
  howpublished = {\url{https://www.timothybrooks.com/tech/hdr-plus/}},
  note = {Accessed: 2022-12-31}
}
